<record><leader>00000cas a22000007a 4500</leader><controlfield tag="001">21981673</controlfield><controlfield tag="008">900709d19881992moudr ne      0   a0eng d</controlfield><datafield ind1=" " ind2=" " tag="010"><subfield code="a">sn 90061451 </subfield></datafield><datafield ind1=" " ind2=" " tag="040"><subfield code="a">MQN</subfield><subfield code="b">eng</subfield><subfield code="c">MQN</subfield><subfield code="d">NSD</subfield><subfield code="d">MQN</subfield><subfield code="d">OCLCQ</subfield></datafield><datafield ind1=" " ind2=" " tag="012"><subfield code="j">0</subfield><subfield code="m">d</subfield></datafield><datafield ind1="1" ind2=" " tag="022"><subfield code="a">0899-711X</subfield><subfield code="l">0899-711X</subfield><subfield code="2">1</subfield></datafield><datafield ind1=" " ind2=" " tag="042"><subfield code="a">msc</subfield><subfield code="a">nsdp</subfield></datafield><datafield ind1=" " ind2="0" tag="222"><subfield code="a">St. Joseph news-press/gazette</subfield></datafield><datafield ind1="0" ind2="0" tag="245"><subfield code="a">St. Joseph news-press/gazette.</subfield></datafield><datafield ind1="3" ind2="0" tag="246"><subfield code="a">Saint Joseph news press gazette</subfield></datafield><datafield ind1=" " ind2=" " tag="260"><subfield code="a">St. Joseph, Mo. :</subfield><subfield code="b">St. Joseph News Press &amp; Gazette Co.,</subfield><subfield code="c">1988-1992.</subfield></datafield><datafield ind1=" " ind2=" " tag="300"><subfield code="a">v.</subfield></datafield><datafield ind1=" " ind2=" " tag="310"><subfield code="a">Daily</subfield></datafield><datafield ind1="0" ind2=" " tag="362"><subfield code="a">Vol. 144, no. 49 (July 1, 1988)-v. 147, no. 345 (Apr. 4, 1992).</subfield></datafield><datafield ind1=" " ind2="4" tag="651"><subfield code="a">Saint Joseph (Mo.)</subfield><subfield code="v">Newspapers.</subfield></datafield><datafield ind1=" " ind2=" " tag="752"><subfield code="a">United States</subfield><subfield code="b">Missouri</subfield><subfield code="c">Buchanan</subfield><subfield code="d">Saint Joseph.</subfield></datafield><datafield ind1="0" ind2="4" tag="780"><subfield code="t">St. Joseph news-press (Saint Joseph, Mo. : 1905)</subfield><subfield code="w">(DLC)sn 84020142</subfield></datafield><datafield ind1="0" ind2="4" tag="780"><subfield code="t">St. Joseph gazette (Saint Joseph, Mo. : 1902 : Daily)</subfield><subfield code="w">(DLC)sn 84020140</subfield></datafield><datafield ind1="0" ind2="0" tag="785"><subfield code="t">St. Joseph news-press (Saint Joseph, Mo. : 1992)</subfield><subfield code="x">1063-4312</subfield><subfield code="w">(DLC)sn 92004371</subfield><subfield code="w">(OCoLC)26027494</subfield></datafield><datafield ind1="1" ind2=" " tag="029"><subfield code="a">AU@</subfield><subfield code="b">000025852255</subfield></datafield></record>